
 @article{orbital_elements,
   title = {Orbital elements},
   journal = {Wikiwand},
   url = {https://www.wikiwand.com/en/Orbital_elements},
   type = {Journal Article}
}

@article{Horizons,
  author = "Giorgini, JD and JPL Solar System Dynamics Group",
  title = {Horizons On-Line Ephemeris System},
  journal = {NASA/JPL},
  url = {https://ssd.jpl.nasa.gov/horizons/},
  type = {Journal Article}
}

@article{Iorio_2014,
	doi = {10.1093/mnrasl/slu116},

	url = {https://doi.org/10.1093%2Fmnrasl%2Fslu116},

	year = 2014,
	month = {aug},

	publisher = {Oxford University Press ({OUP})},

	volume = {444},

	number = {1},

	pages = {L78--L79},

	author = {L. Iorio},

	title = {Planet X revamped after the discovery of the Sedna-like object 2012 {VP}113?},

	journal = {Monthly Notices of the Royal Astronomical Society: Letters}
}

@article{EngineeringPlanetX,
  doi = {10.48550/ARXIV.2001.09150},

  url = {https://arxiv.org/abs/2001.09150},

  author = {Finch, Robert and Galiazzo, Mattia A.},

  keywords = {Earth and Planetary Astrophysics (astro-ph.EP), FOS: Physical sciences, FOS: Physical sciences},

  title = {The Orbit of Planet Nine Derived from Engineering Physics},

  publisher = {arXiv},

  year = {2020},

  copyright = {arXiv.org perpetual, non-exclusive license}
}

@article{Rowan_Robinson_2021,
	doi = {10.1093/mnras/stab3212},

	url = {https://doi.org/10.1093%2Fmnras%2Fstab3212},

	year = 2021,
	month = {nov},

	publisher = {Oxford University Press ({OUP})},

	volume = {510},

	number = {3},

	pages = {3716--3726},

	author = {Michael Rowan-Robinson},

	title = {A search for Planet 9 in the {IRAS} data},

	journal = {Monthly Notices of the Royal Astronomical Society}
}

@article{Chaos,
  doi = {10.48550/ARXIV.2008.12756},

  url = {https://arxiv.org/abs/2008.12756},

  author = {Venkatesh, T. S. Sachin and Vikranth, Vishak},

  keywords = {Chaotic Dynamics (nlin.CD), Earth and Planetary Astrophysics (astro-ph.EP), Computational Physics (physics.comp-ph), FOS: Physical sciences, FOS: Physical sciences},

  title = {Investigating the relation between chaos and the three body problem},

  publisher = {arXiv},

  year = {2020},

  copyright = {arXiv.org perpetual, non-exclusive license}
}

@article{Semi-major_axis_info,

  url = {https://www.princeton.edu/~willman/planetary_systems/Sol/},

  author = {Alexander J. Willman, Jr.},

  title = {Sol Planetary System Data},

}


@article{Semi-minor_axis_info,

  url = {https://en.wikipedia.org/wiki/Semi-major_and_semi-minor_axes},

  author = {Wikipedia},

  title = {Semi-major and semi-minor axes},

}


@article{eccentricity_info,

  url = {https://nssdc.gsfc.nasa.gov/planetary/factsheet/},

  author = {Dr. David R. Williams},

  title = {Planetary Fact Sheet - Metric},

}


@article{inclination_info,

  url = {https://en.wikipedia.org/wiki/Orbital_inclination#:~:text=The%20inclination%20of%20exoplanets%20or,line%20of%20sight%20with%20Earth},

  author = {Wikipedia},

  title = {Orbital inclination},

}
